<record><leader>00000cas a2200000 a 4500</leader><controlfield tag="001">12276935</controlfield><controlfield tag="008">850718d19061929ksudr ne      0    0eng d</controlfield><datafield ind1=" " ind2=" " tag="010"><subfield code="a">sn 85031514 </subfield></datafield><datafield ind1=" " ind2=" " tag="040"><subfield code="a">KSH</subfield><subfield code="b">eng</subfield><subfield code="c">KSH</subfield><subfield code="d">NPT</subfield><subfield code="d">OCL</subfield><subfield code="d">OCLCQ</subfield></datafield><datafield ind1=" " ind2=" " tag="042"><subfield code="a">msc</subfield></datafield><datafield ind1="0" ind2=" " tag="130"><subfield code="a">Parsons daily sun (Parsons, Kan. : 1906)</subfield></datafield><datafield ind1="1" ind2="4" tag="245"><subfield code="a">The Parsons daily sun.</subfield></datafield><datafield ind1=" " ind2=" " tag="260"><subfield code="a">Parsons, Kan. :</subfield><subfield code="b">Sun Pub. Co.,</subfield><subfield code="c">1906-1929.</subfield></datafield><datafield ind1=" " ind2=" " tag="300"><subfield code="a">28 v. :</subfield><subfield code="b">ill. ;</subfield><subfield code="c">49 cm.</subfield></datafield><datafield ind1=" " ind2=" " tag="310"><subfield code="a">Daily (except Sunday)</subfield></datafield><datafield ind1="0" ind2=" " tag="362"><subfield code="a">Vol. 27, no. 230 (Dec. 10, 1906)-v. 56, no. 203 (Jan. 15, 1929).</subfield></datafield><datafield ind1=" " ind2=" " tag="515"><subfield code="a">Numbering is irregular.</subfield></datafield><datafield ind1=" " ind2=" " tag="580"><subfield code="a">Also issued in a semi-weekly edition called: Parsons sun and semi-weekly herald, Dec. 14, 1906-June 28, 1907; and in a weekly edition called: Parsons weekly sun (Parsons, Kan. : 1907) July 5, 1907-Dec. 25, 1908.</subfield></datafield><datafield ind1=" " ind2=" " tag="752"><subfield code="a">United States</subfield><subfield code="b">Kansas</subfield><subfield code="c">Labette</subfield><subfield code="d">Parsons.</subfield></datafield><datafield ind1="1" ind2=" " tag="775"><subfield code="t">Parsons sun and semi-weekly herald</subfield><subfield code="w">(DLC)sn 85031548</subfield></datafield><datafield ind1="1" ind2=" " tag="775"><subfield code="t">Parsons weekly sun (Parsons, Kan. : 1907)</subfield><subfield code="w">(DLC)sn 85031549</subfield></datafield><datafield ind1="0" ind2="0" tag="780"><subfield code="t">Parsons sun (Parsons, Kan. : 1903)</subfield><subfield code="w">(DLC)sn 85031513</subfield></datafield><datafield ind1="0" ind2="5" tag="780"><subfield code="t">Parson daily republican</subfield><subfield code="g">June 1928</subfield><subfield code="w">(DLC)sn 85031538</subfield></datafield><datafield ind1="0" ind2="0" tag="785"><subfield code="t">Parsons sun (Parsons, Kan. : 1929)</subfield><subfield code="w">(DLC)sn 85031515</subfield></datafield></record>